%% This BibTeX bibliography file was created using BibDesk.
%% http://bibdesk.sourceforge.net/


%% Created for Jennifer Blight at 2014-04-25 10:58:41 -0400 


%% Saved with string encoding Unicode (UTF-8) 



@article{ga2,
	Author = {Geijtenbeek, Thomas and van de Panne, Michiel and van der Stappen, A Frank},
	Date-Added = {2014-04-25 14:58:13 +0000},
	Date-Modified = {2014-04-25 14:58:19 +0000},
	Journal = {ACM Transactions on Graphics (TOG)},
	Number = {6},
	Pages = {206},
	Publisher = {ACM},
	Title = {Flexible muscle-based locomotion for bipedal creatures},
	Volume = {32},
	Year = {2013}}

@inproceedings{ga1,
	Author = {Or, Jimmy and Hallam, John and Willshaw, David and Ijspeert, Auke},
	Booktitle = {Proceedings of the seventh international conference on simulation of adaptive behavior on From animals to animats},
	Date-Added = {2014-04-25 14:57:35 +0000},
	Date-Modified = {2014-04-25 14:57:40 +0000},
	Organization = {MIT Press},
	Pages = {323--332},
	Title = {Evolution of efficient swimming controllers for a simulated lamprey},
	Year = {2002}}

@article{Elias,
	Author = {Eliasmith, Chris and Anderson, Charles H},
	Date-Added = {2014-04-25 14:54:46 +0000},
	Date-Modified = {2014-04-25 14:54:55 +0000},
	Journal = {Neurocomputing},
	Pages = {735--740},
	Publisher = {Elsevier},
	Title = {Rethinking central pattern generators: A general approach},
	Volume = {32},
	Year = {2000}}
